<record><leader>05542cam a2200517 i 4500</leader><controlfield tag="001">6785825</controlfield><controlfield tag="003">OCoLC</controlfield><controlfield tag="005">20150317135148.0</controlfield><controlfield tag="008">140522s2015    caua     b    001 0 eng  </controlfield><datafield ind1=" " ind2=" " tag="010"><subfield code="a">  2014019041</subfield></datafield><datafield ind1=" " ind2=" " tag="015"><subfield code="a">GBB4D3880</subfield><subfield code="2">bnb</subfield></datafield><datafield ind1=" " ind2=" " tag="015"><subfield code="a">GBB4D5321</subfield><subfield code="2">bnb</subfield></datafield><datafield ind1="7" ind2=" " tag="016"><subfield code="a">016955054</subfield><subfield code="2">Uk</subfield></datafield><datafield ind1="7" ind2=" " tag="016"><subfield code="a">016956497</subfield><subfield code="2">Uk</subfield></datafield><datafield ind1=" " ind2=" " tag="020"><subfield code="a">9781452261409</subfield><subfield code="q">paperback</subfield></datafield><datafield ind1=" " ind2=" " tag="020"><subfield code="a">1452261407</subfield><subfield code="q">paperback</subfield></datafield><datafield ind1=" " ind2=" " tag="020"><subfield code="z">9781483310138 (ebook)</subfield></datafield><datafield ind1="8" ind2=" " tag="024"><subfield code="a">40024292413</subfield></datafield><datafield ind1=" " ind2=" " tag="035"><subfield code="a">ocn880672165</subfield></datafield><datafield ind1=" " ind2=" " tag="039"><subfield code="a">exclude</subfield></datafield><datafield ind1=" " ind2=" " tag="040"><subfield code="a">DLC</subfield><subfield code="b">eng</subfield><subfield code="e">rda</subfield><subfield code="c">DLC</subfield><subfield code="d">YDX</subfield><subfield code="d">OCLCF</subfield><subfield code="d">YDXCP</subfield><subfield code="d">UKMGB</subfield><subfield code="d">YUS</subfield><subfield code="d">OCLCQ</subfield><subfield code="d">PUL</subfield><subfield code="d">THD</subfield><subfield code="d">CDX</subfield><subfield code="d">AEU</subfield></datafield><datafield ind1=" " ind2=" " tag="042"><subfield code="a">pcc</subfield></datafield><datafield ind1="0" ind2="0" tag="050"><subfield code="a">P94.7</subfield><subfield code="b">.E54 2015</subfield></datafield><datafield ind1="0" ind2="0" tag="082"><subfield code="a">153.6</subfield><subfield code="2">23</subfield></datafield><datafield ind1=" " ind2=" " tag="090"><subfield code="a">P94.7 .E54 2015</subfield><subfield code="b">AEGMCT</subfield></datafield><datafield ind1="0" ind2="0" tag="245"><subfield code="a">Engaging theories in interpersonal communication :</subfield><subfield code="b">multiple perspectives /</subfield><subfield code="c">Dawn O. Braithwaite (University of Nebraska-Lincoln), Paul Schrodt (Texas Christian University), editors.</subfield></datafield><datafield ind1=" " ind2=" " tag="250"><subfield code="a">Second edition.</subfield></datafield><datafield ind1=" " ind2="1" tag="264"><subfield code="a">Thousand Oaks, California :</subfield><subfield code="b">SAGE,</subfield><subfield code="c">[2015]</subfield></datafield><datafield ind1=" " ind2=" " tag="300"><subfield code="a">xviii, 453 pages :</subfield><subfield code="b">illustrations ;</subfield><subfield code="c">24 cm</subfield></datafield><datafield ind1=" " ind2=" " tag="336"><subfield code="a">text</subfield><subfield code="b">txt</subfield><subfield code="2">rdacontent</subfield></datafield><datafield ind1=" " ind2=" " tag="337"><subfield code="a">unmediated</subfield><subfield code="b">n</subfield><subfield code="2">rdamedia</subfield></datafield><datafield ind1=" " ind2=" " tag="338"><subfield code="a">volume</subfield><subfield code="b">nc</subfield><subfield code="2">rdacarrier</subfield></datafield><datafield ind1=" " ind2=" " tag="500"><subfield code="a">First edition co-edited by Leslie A. Baxter.</subfield></datafield><datafield ind1=" " ind2=" " tag="504"><subfield code="a">Includes bibliographical references and index.</subfield></datafield><datafield ind1="0" ind2="0" tag="505"><subfield code="t">Introduction : meta-theory and theory in interpersonal communication research /</subfield><subfield code="r">Dawn O. Braithwaite, Paul Schrodt, and Kristen Carr --</subfield><subfield code="t">Action assembly theory : forces of creation /</subfield><subfield code="r">John O. Greene --</subfield><subfield code="t">Attribution theory : finding good cause in the search for theory /</subfield><subfield code="r">Brian H. Spitzberg and Valerie Manusov --</subfield><subfield code="t">Evolutionary theories : explaining the links between biology and interpersonal communication /</subfield><subfield code="r">Tamara Afifi, Shard&#233; Davis, and Amanda Denes --</subfield><subfield code="t">Goals-plans-action theory of message production : making influence messages /</subfield><subfield code="r">James Price Dillard --</subfield><subfield code="t">Imagined interaction theory : mental representations of interpersonal communication /</subfield><subfield code="r">James M. Honeycutt --</subfield><subfield code="t">Planning theory of communication : goal attainment through communicative action /</subfield><subfield code="r">Charles R. Berger --</subfield><subfield code="t">Problematic integration theory and uncertainty management theory : learning to hear and speak to different forms of uncertainty /</subfield><subfield code="r">Austin S. Babrow and Katie M. Striley --</subfield><subfield code="t">Relational framing theory : drawing inferences about relationships from interpersonal interactions /</subfield><subfield code="r">Rachel M. McLaren and Denise Haunani Solomon --</subfield><subfield code="t">Supportive communication theories : dual-process theory of supportive message outcomes and advice response theory /</subfield><subfield code="r">Graham D. Bodie and Erina L. MacGeorge --</subfield><subfield code="t">Theory of motivated information management : struggles with uncertainty and its outcomes /</subfield><subfield code="r">Walid A. Afifi and Stephanie Robbins --</subfield><subfield code="t">Communication accomodation theory : a situated framework for relational, family, and intergroup dynamics /</subfield><subfield code="r">Howard Giles and Jordan Soliz --</subfield><subfield code="t">Communication theory of identity : multilayered understandings of performed identities /</subfield><subfield code="r">Michael L. Hecht --</subfield><subfield code="t">Critical approaches to interpersonal communication : charting a future /</subfield><subfield code="r">Leslie A. Baxter and Bryan Asbury --</subfield><subfield code="t">Critical feminist theories : giving voice and visibility to women's experiences in interpersonal relations /</subfield><subfield code="r">Julia T. Wood --</subfield><subfield code="t">Expectancy violations theory and interaction adaptation theory : from expectations to adaptation /</subfield><subfield code="r">Cindy H. White --</subfield><subfield code="t">Face theory : Goffman's dramatistic approach to interpersonal interaction /</subfield><subfield code="r">Sandra Metts and William R. Cupach --</subfield><subfield code="t">Grounded practical theory : theorizing communicative practices /</subfield><subfield code="r">Karen Tracy --</subfield><subfield code="t">Narrative theories : making sense of interpersonal communication /</subfield><subfield code="r">Jody Koenig Kellas --</subfield><subfield code="t">Politeness theory : how we use language to save face /</subfield><subfield code="r">Daena J. Goldsmith and Emily Lamb Normand --</subfield><subfield code="t">Relational dialectics theory : navigating meaning from competing discourses /</subfield><subfield code="r">Leslie A. Baxter and Kristen M. Norwood --</subfield><subfield code="t">Speech codes theory : traces of culture in interpersonal communication /</subfield><subfield code="r">Gerry Philipsen --</subfield><subfield code="t">Affection exchange theory : a bio-evolutionary look at affectionate communication /</subfield><subfield code="r">Kory Floyd, Colin Hesse, and Mark Alan Generous --</subfield><subfield code="t">Attachment theory : a communication perspective /</subfield><subfield code="r">Laura K. Guerrero --</subfield><subfield code="t">Communication privacy management theory : significance for interpersonal communication /</subfield><subfield code="r">Sandra Petronio and Wesley T. Durham --</subfield><subfield code="t">Interpersonal deception theory : purposive and interdependent behavior during deceptive interpersonal interactions /</subfield><subfield code="r">Judee K. Burgoon and David B. Buller --</subfield><subfield code="t">Media multiplexity theory : technology use and interpersonal tie strength /</subfield><subfield code="r">Andrew M. Ledbetter --</subfield><subfield code="t">The relational turbulence model : communicating during times of transition /</subfield><subfield code="r">Leanne K. Knobloch --</subfield><subfield code="t">Stage theories of relationship development : charting the course of interpersonal communication /</subfield><subfield code="r">Paul A. Mongeau and Mary Lynn Miller Henningsen --</subfield><subfield code="t">Social exchange theories : calculating the rewards and costs of personal relationshps /</subfield><subfield code="r">Laura Stafford --</subfield><subfield code="t">Social information processing theory : impressions and relationship development online /</subfield><subfield code="r">Joseph B. Walther.</subfield></datafield><datafield ind1=" " ind2=" " tag="596"><subfield code="a">29</subfield></datafield><datafield ind1=" " ind2="0" tag="650"><subfield code="a">Interpersonal communication</subfield><subfield code="x">Philosophy.</subfield></datafield><datafield ind1="1" ind2=" " tag="700"><subfield code="a">Braithwaite, Dawn O.,</subfield><subfield code="e">editor.</subfield></datafield><datafield ind1="1" ind2=" " tag="700"><subfield code="a">Schrodt, Paul,</subfield><subfield code="e">editor.</subfield></datafield><datafield ind1="0" ind2="8" tag="776"><subfield code="i">ebook version</subfield><subfield code="z">9781483310138</subfield></datafield><datafield ind1=" " ind2=" " tag="949"><subfield code="a">P94.7 .E54 2015</subfield><subfield code="h">GMCT-OS-B</subfield><subfield code="i">1007406661</subfield><subfield code="p">89.23</subfield><subfield code="k">AVAIL_SOON</subfield></datafield><datafield ind1=" " ind2=" " tag="019"><subfield code="a">897450024</subfield><subfield code="a">898121159</subfield></datafield><datafield ind1="1" ind2=" " tag="029"><subfield code="a">AU@</subfield><subfield code="b">000053825065</subfield></datafield><datafield ind1="1" ind2=" " tag="029"><subfield code="a">NLGGC</subfield><subfield code="b">387275932</subfield></datafield><datafield ind1="1" ind2=" " tag="029"><subfield code="a">NZ1</subfield><subfield code="b">15824974</subfield></datafield><datafield ind1=" " ind2=" " tag="926"><subfield code="a">P94.7 .E54 2015</subfield><subfield code="w">LC</subfield><subfield code="c">1</subfield><subfield code="i">1007406661</subfield><subfield code="d">4/12/2016</subfield><subfield code="e">4/4/2016</subfield><subfield code="l">ON_SHELF</subfield><subfield code="m">GR_MACEWAN</subfield><subfield code="n">3</subfield><subfield code="p">$89.23</subfield><subfield code="r">Y</subfield><subfield code="s">Y</subfield><subfield code="t">BOOK</subfield><subfield code="u">3/25/2015</subfield></datafield></record>